@book{holevo,
Author = {A. Holevo},
Title = {Quantum systems, channels, information},
Publisher = {},
Year = {},
ISBN = {}
}

@book{BP,
	Author = {Bruer, Petruccione},
	Title = {Open quantum system dynamics},
	Publisher = {},
	Year = {},
	ISBN = {}
}